@inproceedings{beaver2010finding,
  title={{Finding a Needle in Haystack: Facebook's Photo Storage.}},
  author={Beaver, Doug and Kumar, Sanjeev and Li, Harry C and Sobel, Jason and Vajgel, Peter and others},
  booktitle={OSDI},
  volume={10},
  number={2010},
  pages={1--8},
  year={2010}
}

@misc{askai2017app,
  title={{askAI - Make your photo more likable}},
  author={{VicMan LLC}},
  howpublished={\url{https://itunes.apple.com/gb/app/askai-for-instagram-more-likes-on-photo-on-insta/id1253856702?mt=8&ign-mpt=uo%3D4}},
  journal={App store},
  note={Viewed on 10-02-2018},
  year={2017}
}

@book{sonka2014image,
  title={{Image processing, analysis, and machine vision}},
  author={Sonka, Milan and Hlavac, Vaclav and Boyle, Roger},
  year={2014},
  publisher={Cengage Learning}
}
@misc{tractica2016cp,
 author={Tractica},
 editor={{Tractica}},
 title={{Computer Vision Hardware and Software Market to Reach \$48.6 Billion by 2022}},
 howpublished={\url{https://www.tractica.com/newsroom/press-releases/computer-vision-hardware-and-software-market-to-reach-48-6-billion-by-2022/}},
 note={Viewed on 21-11-2017},
 year={2016}
}
@incollection{ricci2011introduction,
  title={{Introduction to recommender systems handbook}},
  author={Ricci, Francesco and Rokach, Lior and Shapira, Bracha},
  booktitle={Recommender systems handbook},
  pages={1--35},
  year={2011},
  publisher={Springer}
}
@book{jannach2010recommender,
  title={{Recommender systems: an introduction}},
  author={Jannach, Dietmar and Zanker, Markus and Felfernig, Alexander and Friedrich, Gerhard},
  year={2010},
  publisher={Cambridge University Press}
}
@article{adomavicius2005toward,
  title={{Toward the next generation of recommender systems: A survey of the state-of-the-art and possible extensions}},
  author={Adomavicius, Gediminas and Tuzhilin, Alexander},
  journal={IEEE transactions on knowledge and data engineering},
  volume={17},
  number={6},
  pages={734--749},
  year={2005},
  publisher={IEEE}
}
@inproceedings{sanderson1999deriving,
  title={{Deriving concept hierarchies from text}},
  author={Sanderson, Mark and Croft, Bruce},
  booktitle={Proceedings of the 22nd annual international ACM SIGIR conference on Research and development in information retrieval},
  pages={206--213},
  year={1999},
  organization={ACM}
}
@inproceedings{davidson2010youtube,
  title={{The YouTube video recommendation system}},
  author={Davidson, James and Liebald, Benjamin and Liu, Junning and Nandy, Palash and Van Vleet, Taylor and Gargi, Ullas and Gupta, Sujoy and He, Yu and Lambert, Mike and Livingston, Blake and others},
  booktitle={Proceedings of the fourth ACM conference on Recommender systems},
  pages={293--296},
  year={2010},
  organization={ACM}
}
@article{gomez2016netflix,
  title={{The netflix recommender system: Algorithms, business value, and innovation}},
  author={Gomez-Uribe, Carlos A and Hunt, Neil},
  journal={ACM Transactions on Management Information Systems (TMIS)},
  volume={6},
  number={4},
  pages={13},
  year={2016},
  publisher={ACM}
}
@article{duval2002metadata,
  title={{Metadata principles and practicalities}},
  author={Duval, Erik and Hodgins, Wayne and Sutton, Stuart and Weibel, Stuart L},
  journal={D-lib Magazine},
  volume={8},
  number={4},
  pages={1082--9873},
  year={2002}
}
@article{guyon2006introduction,
  title={{An introduction to feature extraction}},
  author={Guyon, Isabelle and Elisseeff, Andr{\'e}},
  journal={Feature extraction},
  pages={1--25},
  year={2006},
  publisher={Springer}
}
@inproceedings{coates2011analysis,
  title={{An analysis of single-layer networks in unsupervised feature learning}},
  author={Coates, Adam and Ng, Andrew and Lee, Honglak},
  booktitle={Proceedings of the fourteenth international conference on artificial intelligence and statistics},
  pages={215--223},
  year={2011}
}
@inproceedings{mobahi2009deep,
  title={{Deep learning from temporal coherence in video}},
  author={Mobahi, Hossein and Collobert, Ronan and Weston, Jason},
  booktitle={Proceedings of the 26th Annual International Conference on Machine Learning},
  pages={737--744},
  year={2009},
  organization={ACM}
}
@inproceedings{ciregan2012multi,
  title={{Multi-column deep neural networks for image classification}},
  author={Ciregan, Dan and Meier, Ueli and Schmidhuber, J{\"u}rgen},
  booktitle={Computer Vision and Pattern Recognition (CVPR), 2012 IEEE Conference on},
  pages={3642--3649},
  year={2012},
  organization={IEEE}
}
@inproceedings{lee2009unsupervised,
  title={{Unsupervised feature learning for audio classification using convolutional deep belief networks}},
  author={Lee, Honglak and Pham, Peter and Largman, Yan and Ng, Andrew Y},
  booktitle={Advances in neural information processing systems},
  pages={1096--1104},
  year={2009}
}
@inproceedings{schein2002methods,
  title={{Methods and metrics for cold-start recommendations}},
  author={Schein, Andrew I and Popescul, Alexandrin and Ungar, Lyle H and Pennock, David M},
  booktitle={Proceedings of the 25th annual international ACM SIGIR conference on Research and development in information retrieval},
  pages={253--260},
  year={2002},
  organization={ACM}
}
@incollection{lops2011content,
  title={{Content-based recommender systems: State of the art and trends}},
  author={Lops, Pasquale and De Gemmis, Marco and Semeraro, Giovanni},
  booktitle={Recommender systems handbook},
  pages={73--105},
  year={2011},
  publisher={Springer}
}
@inproceedings{krizhevsky2012imagenet,
  title={{Imagenet classification with deep convolutional neural networks}},
  author={Krizhevsky, Alex and Sutskever, Ilya and Hinton, Geoffrey E},
  booktitle={Advances in neural information processing systems},
  pages={1097--1105},
  year={2012}
}
@inproceedings{yee2003faceted,
  title={{Faceted metadata for image search and browsing}},
  author={Yee, Ka-Ping and Swearingen, Kirsten and Li, Kevin and Hearst, Marti},
  booktitle={Proceedings of the SIGCHI conference on Human factors in computing systems},
  pages={401--408},
  year={2003},
  organization={ACM}
}

@misc{johnson2015dw,
  author={Johnson, Chris},
  title={{From Idea to Execution: Spotify's Discover Weekly}},
  howpublished={\url{https://www.slideshare.net/MrChrisJohnson/from-idea-to-execution-spotifys-discover-weekly/}},
  note={Viewed on 10-11-2017},
  year={2015}
}

@article{linden2003amazon,
  title={{Amazon. com recommendations: Item-to-item collaborative filtering}},
  author={Linden, Greg and Smith, Brent and York, Jeremy},
  journal={IEEE Internet computing},
  volume={7},
  number={1},
  pages={76--80},
  year={2003},
  publisher={IEEE}
}

@misc{popper2015dw,
  title={{Tastemaker: How Spotifyâ€™s Discover Weekly cracked human curation at internet scale}},
  howpublished={\url{https://www.theverge.com/2015/9/30/9416579/spotify-discover-weekly-online-music-curation-interview}},
  journal={The Verge},
  author={Popper, Ben},
  note={Viewed on 11-11-2017},
  year={2015}
}

@inproceedings{zhang2007efficient,
  title={{Efficient bayesian hierarchical user modeling for recommendation system}},
  author={Zhang, Yi and Koren, Jonathan},
  booktitle={Proceedings of the 30th annual international ACM SIGIR conference on Research and development in information retrieval},
  pages={47--54},
  year={2007},
  organization={ACM},
	comment={Algorithm used in netflix recommendation}
}
@inproceedings{hu2014we,
  title={{What We Instagram: A First Analysis of Instagram Photo Content and User Types.}},
  author={Hu, Yuheng and Manikonda, Lydia and Kambhampati, Subbarao and others},
  booktitle={Icwsm},
  year={2014}
}

@misc{instagram2017users,
  title={{700 million}},
  author={Instagram},
  howpublished={\url{https://instagram-press.com/blog/2017/04/26/700-million/}},
  note={Viewed on 9-11-2017},
  journal={Instagram},
  year={2017}
}

@inproceedings{kang2010personalization,
  title={{Personalization of image enhancement}},
  author={Kang, Sing Bing and Kapoor, Ashish and Lischinski, Dani},
  booktitle={Computer Vision and Pattern Recognition (CVPR), 2010 IEEE Conference on},
  pages={1799--1806},
  year={2010},
  organization={IEEE}
}

@inproceedings{caicedo2011collaborative,
  title={{Collaborative personalization of image enhancement}},
  author={Caicedo, Juan C and Kapoor, Ashish and Kang, Sing Bing},
  booktitle={Computer Vision and Pattern Recognition (CVPR), 2011 IEEE Conference on},
  pages={249--256},
  year={2011},
  organization={IEEE}
}

@book{fielding2000architectural,
  title={{Architectural styles and the design of network-based software architectures}},
  author={Fielding, Roy T and Taylor, Richard N},
  year={2000},
  publisher={University of California, Irvine Doctoral dissertation}
}


---- Design ----

@book{poppendieck2003lean,
  title={{Lean software development: an agile toolkit}},
  author={Poppendieck, Mary and Poppendieck, Tom},
  year={2003},
  publisher={Addison-Wesley}
}
@article{cattell2011scalable,
  title={{Scalable SQL and NoSQL data stores}},
  author={Cattell, Rick},
  journal={Acm Sigmod Record},
  volume={39},
  number={4},
  pages={12--27},
  year={2011},
  publisher={ACM}
}

@inproceedings{macqueen1967some,
  title={{Some methods for classification and analysis of multivariate observations}},
  author={MacQueen, James and others},
  booktitle={Proceedings of the fifth Berkeley symposium on mathematical statistics and probability},
  volume={1},
  number={14},
  pages={281--297},
  year={1967},
  organization={Oakland, CA, USA}
}

@article{coleman1979image,
  title={{Image segmentation by clustering}},
  author={Coleman, Guy Barrett and Andrews, Harry C},
  journal={Proceedings of the IEEE},
  volume={67},
  number={5},
  pages={773--785},
  year={1979},
  publisher={IEEE}
}

@article{shi2000normalized,
  title={{Normalized cuts and image segmentation}},
  author={Shi, Jianbo and Malik, Jitendra},
  journal={IEEE Transactions on pattern analysis and machine intelligence},
  volume={22},
  number={8},
  pages={888--905},
  year={2000},
  publisher={Ieee}
}

@misc{vision2015blog,
  title={{Google Cloud Vision API changes the way applications understand images}},
  author={Google},
  howpublished={\url{https://cloudplatform.googleblog.com/2015/12/Google-Cloud-Vision-API-changes-the-way-applications-understand-images.html}},
  journal={Google Cloud Platform Blog},
  note={Viewed on 10-01-2018},
  year={2015}
}

@inproceedings{han2011survey,
  title={{Survey on NoSQL database}},
  author={Han, Jing and Haihong, E and Le, Guan and Du, Jian},
  booktitle={Pervasive computing and applications (ICPCA), 2011 6th international conference on},
  pages={363--366},
  year={2011},
  organization={IEEE}
}

@inproceedings{graziotin2013making,
  title={{Making sense out of a jungle of JavaScript frameworks}},
  author={Graziotin, Daniel and Abrahamsson, Pekka},
  booktitle={International Conference on Product Focused Software Process Improvement},
  pages={334--337},
  year={2013},
  organization={Springer}
}

@book{minsky2017perceptrons,
  title={{Perceptrons: An introduction to computational geometry}},
  author={Minsky, Marvin and Papert, Seymour A and Bottou, L{\'e}on},
  year={2017},
  publisher={MIT press}
}

@misc{neuhaus_2017,
  title={{Angular vs. React vs. Vue: A 2017 comparison}},
  howpublished={\url{https://medium.com/unicorn-supplies/angular-vs-react-vs-vue-a-2017-comparison-c5c52d620176}},
  journal={Medium},
  author={Neuhaus, Jens},
  note={Viewed on 29-01-2018},
  year={2017}
}


--- Implementation ---

@misc{vision2018apidoc,
  title={{Cloud Vision API | Google Cloud}},
  author={Google},
  howpublished={\url{https://cloud.google.com/vision/docs/reference/rest/}},
  journal={Google Cloud},
  note={Viewed on 17-01-2018},
  year={2018}
}

@misc{cat2013image,
  title={{Grey and white short fur cat Â· free stock photo}},
  author={Pixabay},
  howpublished={\url{https://pixabay.com/en/cat-pet-animal-domestic-fur-1151519/}},
  journal={pixabay.com},
  note={Viewed on 05-02-2018},
  year={2013}
}
