@incollection{ricci2011introduction,
  title={Introduction to recommender systems handbook},
  author={Ricci, Francesco and Rokach, Lior and Shapira, Bracha},
  booktitle={Recommender systems handbook},
  pages={1--35},
  year={2011},
  publisher={Springer}
}
@book{jannach2010recommender,
  title={Recommender systems: an introduction},
  author={Jannach, Dietmar and Zanker, Markus and Felfernig, Alexander and Friedrich, Gerhard},
  year={2010},
  publisher={Cambridge University Press}
}
@article{adomavicius2005toward,
  title={Toward the next generation of recommender systems: A survey of the state-of-the-art and possible extensions},
  author={Adomavicius, Gediminas and Tuzhilin, Alexander},
  journal={IEEE transactions on knowledge and data engineering},
  volume={17},
  number={6},
  pages={734--749},
  year={2005},
  publisher={IEEE}
}
@misc{johnson2015dw,
 author={Johnson, Chris},
 title={From Idea to Execution: Spotify's Discover Weekly},
 url={https://www.slideshare.net/MrChrisJohnson/from-idea-to-execution-spotifys-discover-weekly/},
 lastchecked={2017},
 year={2015}
}
@article{linden2003amazon,
  title={Amazon. com recommendations: Item-to-item collaborative filtering},
  author={Linden, Greg and Smith, Brent and York, Jeremy},
  journal={IEEE Internet computing},
  volume={7},
  number={1},
  pages={76--80},
  year={2003},
  publisher={IEEE}
}
@misc{popper2015dw,
  title={Tastemaker: How Spotifyâ€™s Discover Weekly cracked human curation at internet scale},
  url={https://www.theverge.com/2015/9/30/9416579/spotify-discover-weekly-online-music-curation-interview},
  journal={The Verge},
  author={Popper, Ben},
  year={2015}
}
@inproceedings{zhang2007efficient,
  title={Efficient bayesian hierarchical user modeling for recommendation system},
  author={Zhang, Yi and Koren, Jonathan},
  booktitle={Proceedings of the 30th annual international ACM SIGIR conference on Research and development in information retrieval},
  pages={47--54},
  year={2007},
  organization={ACM},
	comment={Algorithm used in netflix recommendation}
}
