@article{test,
	editor = {Albert Einstein},
	title = {A Test Title},
	year = {2017},
}
