@book{sonka2014image,
  title={Image processing, analysis, and machine vision},
  author={Sonka, Milan and Hlavac, Vaclav and Boyle, Roger},
  year={2014},
  publisher={Cengage Learning}
}
@misc{tractica2016cp,
 author={Tractica},
 editor={{Tractica}},
 title={Computer Vision Hardware and Software Market to Reach \$48.6 Billion by 2022},
 url={https://www.tractica.com/newsroom/press-releases/computer-vision-hardware-and-software-market-to-reach-48-6-billion-by-2022/},
 lastchecked={21.11.2017},
 year={2016}
}
